<?xml version="1.0" encoding="UTF-8"?><record xmlns="http://www.loc.gov/MARC21/slim" xmlns:cinclude="http://apache.org/cocoon/include/1.0" xmlns:zs="http://www.loc.gov/zing/srw/">
  <leader>00362cz  a2200121n  4500</leader>
  <controlfield tag="001">no 89020248 </controlfield>
  <controlfield tag="003">DLC</controlfield>
  <controlfield tag="005">20141210082423.0</controlfield>
  <controlfield tag="008">891212n| azannaab           |n ana     c</controlfield>
  <datafield tag="010" ind1=" " ind2=" ">
    <subfield code="a">no 89020248 </subfield>
  </datafield>
  <datafield tag="040" ind1=" " ind2=" ">
    <subfield code="a">MdU</subfield>
    <subfield code="b">eng</subfield>
    <subfield code="e">rda</subfield>
    <subfield code="c">MdU</subfield>
    <subfield code="d">DLC</subfield>
  </datafield>
  <datafield tag="110" ind1="2" ind2=" ">
    <subfield code="a">Great Central Gas Consumers' Company</subfield>
  </datafield>
  <datafield tag="670" ind1=" " ind2=" ">
    <subfield code="a">Its Cheap and good gas! 1849:</subfield>
    <subfield code="b">t.p. (Great Central Gas Consumers' Company)</subfield>
  </datafield>
</record>